@misc{chernozhukov2017doubledebiasedmachinelearningtreatment,
      title={Double/Debiased Machine Learning for Treatment and Causal Parameters}, 
      author={Victor Chernozhukov and Denis Chetverikov and Mert Demirer and Esther Duflo and Christian Hansen and Whitney Newey and James Robins},
      year={2017},
      eprint={1608.00060},
      archivePrefix={arXiv},
      primaryClass={stat.ML},
      url={https://arxiv.org/abs/1608.00060}, 
}